%% Created using Papers on Tue, 12 Jul 2011.
%% http://mekentosj.com/papers/

@article{Koch:1985wv,
author = {Koch, C and Ullman, S},
title = {{Shifts in selective visual attention: towards the underlying neural circuitry.}},
journal = {Hum Neurobiol},
year = {1985},
rating = {0},
date-added = {2011-06-23T12:47:01GMT+00:00},
date-modified = {2011-06-23T13:50:37GMT+00:00},
abstract = {Human Neurobiol ( 1985 ) 4:219-227 Human Neurobiology {\copyright} Springer-Verlag 1985 Shifts in selective visual attention : towards the underlying neural circuitry C . Koch1 and S . Ullman1 >2 1 Artificial Intelligence Laboratory and Center for Biological Information Processing, MIT, E 25---201, ...},
url = \url{http://papers.klab.caltech.edu/104/1/200.pdf},
uri = \url{papers2://publication/uuid/83EC3778-22A2-47FA-A6CE-E0D849FD401E}
}

@article{Einhauser:2008cv,
author = {Einhauser, W and Spain, M and Perona, P},
title = {{Objects predict fixations better than early saliency}},
journal = {Journal of Vision},
year = {2008},
volume = {8},
number = {14},
pages = {18--18},
month = oct,
note = {AUC -{\&}gt; area under curve},
keywords = {attention, machine vision},
doi = {10.1167/8.14.18},
language = {Englisch},
read = {Yes},
rating = {0},
date-added = {2011-03-30T09:14:56GMT+00:00},
date-modified = {2011-06-23T14:38:16GMT+00:00},
url = \url{http://www.journalofvision.org/lookup/doi/10.1167/8.14.18},
local-url = {file://localhost/Users/dedan/Documents/Papers2/Articles/2008/Einhauser/Journal_of_Vision_2008_Einhauser.pdf},
uri = \url{papers2://publication/doi/10.1167/8.14.18}
}

@book{Frintrop:2005ex,
author = {Frintrop, Simone and N{\"u}chter, Andreas and Surmann, Hartmut},
editor = {Hutchison, David and Kanade, Takeo and Kittler, Josef and Kleinberg, Jon M and Mattern, Friedemann and Mitchell, John C and Naor, Moni and Nierstrasz, Oscar and Pandu Rangan, C and Steffen, Bernhard and Sudan, Madhu and Terzopoulos, Demetri and Tygar, Dough and Vardi, Moshe Y and Weikum, Gerhard and Paletta, Lucas and Tsotsos, John K and Rome, Erich and Humphreys, Glyn},
title = {{Lecture Notes in Computer Science}},
publisher = {Springer Berlin Heidelberg},
year = {2005},
volume = {3368},
series = {DavidHutchisonTakeoKanadeJosefKittlerJon M.KleinbergFriedemannMatternJohn C.MitchellMoniNaorOscarNierstraszC.Pandu RanganBernhardSteffenMadhuSudanDemetriTerzopoulosDoughTygarMoshe Y.VardiGerhardWeikumLecture Notes in Computer Science0302-97431611-3349},
address = {Berlin, Heidelberg},
note = {they use the attentional mechanism of itti and uhlman},
doi = {10.1007/978-3-540-30572-9{\_}13},
isbn = {978-3-540-24421-9},
read = {Yes},
rating = {0},
date-added = {2011-04-19T13:25:03GMT+00:00},
date-modified = {2011-04-19T13:35:02GMT+00:00},
abstract = {... will include top-down mechanisms in the attention model, enabling goal dependent search for objects . ... 1. Bennamoun, M., Mamic, G.: Object Recognition: Fundamentals and Case Studies ... International Journal of Computer  Vision 57 (2004) 137--154 3. Treisman, A., Gelade, G.: A ...},
url = \url{http://www.springerlink.com/index/10.1007/978-3-540-30572-9_13},
local-url = {file://localhost/Users/dedan/Documents/Papers2/Books/2005/Frintrop/2005_Frintrop.pdf},
uri = \url{papers2://publication/doi/10.1007/978-3-540-30572-9_13}
}

@book{Orabona:2008bt,
author = {Orabona, Francesco and Metta, Giorgio and Sandini, Giulio},
editor = {Paletta, Lucas and Rome, Erich},
title = {{Lecture Notes in Computer Science}},
publisher = {Springer Berlin Heidelberg},
year = {2008},
volume = {4840},
series = {Lecture Notes in Computer Science},
address = {Berlin, Heidelberg},
doi = {10.1007/978-3-540-77343-6{\_}13},
isbn = {978-3-540-77342-9},
rating = {0},
date-added = {2011-06-14T13:34:41GMT+00:00},
date-modified = {2011-06-14T13:39:09GMT+00:00},
abstract = {Abstract. One of the first steps of any visual system is that of locating suitable interest points, 'salient regions', in the scene, to detect events, and eventually to direct gaze toward these locations. In the last few years, object-based visual attention models have received an ...},
url = \url{http://www.springerlink.com/index/10.1007/978-3-540-77343-6_13},
local-url = {file://localhost/Users/dedan/Documents/Papers2/Books/2008/Orabona/2008_Orabona.pdf},
uri = \url{papers2://publication/doi/10.1007/978-3-540-77343-6_13}
}

@article{Walther:2006tg,
author = {Walther, D},
title = {{Modeling attention to salient proto-objects}},
journal = {Neural Networks},
year = {2006},
read = {Yes},
rating = {0},
date-added = {2011-06-14T13:39:31GMT+00:00},
date-modified = {2011-07-12T08:23:12GMT+00:00},
abstract = {Selective visual attention is believed to be responsible for serializing visual information for recognizing one object at a time in a complex scene. But how can we attend to objects before they are recognized? In coherence theory of visual cognition, so-called proto - objects form volatile ...},
url = \url{http://linkinghub.elsevier.com/retrieve/pii/s0893-6080(06)00215-2},
local-url = {file://localhost/Users/dedan/Documents/Papers2/Articles/2006/Walther/2006_Walther.pdf},
uri = \url{papers2://publication/uuid/4CA77FAB-8C36-4BB0-A093-29A7D9AD7528}
}

@article{Potter:1975dr,
author = {Potter, M},
title = {{Meaning in visual search}},
journal = {Science},
year = {1975},
volume = {187},
number = {4180},
pages = {965--966},
month = mar,
doi = {10.1126/science.1145183},
language = {Englisch},
read = {Yes},
rating = {0},
date-added = {2011-06-23T12:49:38GMT+00:00},
date-modified = {2011-06-23T14:14:49GMT+00:00},
abstract = {(12). In 10 of 12 paired MRF samples collected, the concentration of protein during REM sleep was significantly higher than that during awake periods (paired t-test = 3.94, P < .001). Fur- thermore, the increases of hippocampal proteins were always associated with increases ...},
url = \url{http://www.sciencemag.org/cgi/doi/10.1126/science.1145183},
local-url = {file://localhost/Users/dedan/Documents/Papers2/Articles/1975/Potter/Science_1975_Potter.pdf},
uri = \url{papers2://publication/doi/10.1126/science.1145183}
}

@article{Biederman:1982um,
author = {Biederman, I and Mezzanotte, RJ},
title = {{Scene perception: Detecting and judging objects undergoing relational violations}},
journal = {Cognitive Psychology},
year = {1982},
read = {Yes},
rating = {0},
date-added = {2011-06-23T12:52:01GMT+00:00},
date-modified = {2011-06-23T14:27:34GMT+00:00},
abstract = {Five classes of relations between an object and its setting can characterize the organization of objects into real-world scenes. The relations are (1) Interposition (objects interrupt their background), (2) Support (objects tend to rest on surfaces), (3) Probability (objects tend to ...},
url = \url{http://linkinghub.elsevier.com/retrieve/pii/001002858290007X},
local-url = {file://localhost/Users/dedan/Documents/Papers2/Articles/1982/Biederman/1982_Biederman.pdf},
uri = \url{papers2://publication/uuid/A65E997D-58AD-4A9D-8F9C-E14243786B30}
}

@webpage{gabler:2011,
author = {Gabler, Stephan},
title = {{Sourcecode Repository on GitHub}},
year = {2011},
month = jul,
keywords = {attention, machine vision, sift},
read = {Yes},
rating = {0},
date-added = {2011-07-12T08:46:05GMT+00:00},
date-modified = {2011-07-12T11:28:20GMT+00:00},
url = {http://github.com/dedan/obj_att},
uri = \url{papers2://publication/uuid/B2FFD26E-ECFC-47CC-B003-A2094176F3DC}
}

@booklet{Broadbent:1958ve,
title = {{Perception and communication.}},
author = {Broadbent, DE},
year = {1958},
rating = {0},
date-added = {2011-06-23T12:40:29GMT+00:00},
date-modified = {2011-06-23T12:40:32GMT+00:00},
abstract = {... Login to save citations to My List. Citation. Database: PsycINFO. [Book; Authored Book]. Perception and communication . Broadbent , Donald Eric. New York, NY, US: Oxford University Press. (1987). xi, 338 pp. doi: 10.1037/10037-000. Abstract. ...},
url = \url{http://psycnet.apa.org/psycinfo/1987-98462-000},
uri = \url{papers2://publication/uuid/4E169C8C-544A-4B76-8A67-861B04CEA630}
}

@article{Treisman:1964th,
author = {Treisman, Anne M.},
title = {{Selective attention in man.}},
journal = {British Medical Bulletin},
year = {1964},
language = {English},
rating = {0},
date-added = {2011-06-23T12:44:09GMT+00:00},
date-modified = {2011-06-23T12:50:12GMT+00:00},
abstract = {... Login to save citations to My List. Citation. Database: PsycINFO. [Journal Article]. Selective attention in man. Treisman , Anne M. British Medical Bulletin, Vol 20(1), 1964 , 12-16. Abstract. The traditional model of attention has become ...},
uri = \url{papers2://publication/uuid/30C894EC-03C0-4963-81E0-A2E0686F5FA9}
}

@article{Maki:2000hs,
author = {Maki, A},
title = {{Attentional Scene Segmentation: Integrating Depth and Motion}},
journal = {Computer Vision and Image Understanding},
year = {2000},
volume = {78},
number = {3},
pages = {351--373},
month = jun,
keywords = {sift},
doi = {10.1006/cviu.2000.0840},
read = {Yes},
rating = {0},
date-added = {2011-04-19T13:14:43GMT+00:00},
date-modified = {2011-06-23T13:01:17GMT+00:00},
abstract = {... 20. P. Nordlund and T. Uhlin , Closing the loop: Detection and pursuit of a moving object by a moving observer. ... 33. JM Wolfe and KR Cave, Deploying visual attention: The guided search model, in AI and the EyeA. ... 3rd European Conference on Computer  Vision , 1994, pp. ...},
url = \url{http://linkinghub.elsevier.com/retrieve/doi/10.1006/cviu.2000.0840},
uri = \url{papers2://publication/doi/10.1006/cviu.2000.0840}
}

@article{Lowe:1999wq,
author = {Lowe, DG},
title = {{Object recognition from local scale-invariant features}},
journal = {iccv},
year = {1999},
pages = {1150},
keywords = {sift},
read = {Yes},
rating = {0},
date-added = {2011-03-03T18:33:47GMT+00:00},
date-modified = {2011-06-23T13:01:17GMT+00:00},
local-url = {file://localhost/Users/dedan/Documents/Papers2/Articles/1999/Lowe/iccv_1999_Lowe.pdf},
uri = \url{papers2://publication/uuid/BD38EEC3-2D2B-472C-89A0-5483F965941B}
}

@article{Lowe:2004uq,
author = {Lowe, DG},
title = {{Distinctive image features from scale-invariant keypoints}},
journal = {International Journal of Computer Vision},
year = {2004},
volume = {60},
number = {2},
pages = {91--110},
keywords = {sift},
read = {Yes},
rating = {0},
date-added = {2011-03-03T18:33:47GMT+00:00},
date-modified = {2011-06-23T13:01:17GMT+00:00},
local-url = {file://localhost/Users/dedan/Documents/Papers2/Articles/2004/Lowe/International_Journal_of_Computer_Vision_2004_Lowe.pdf},
uri = \url{papers2://publication/uuid/C2391929-3309-454A-8553-11BF2C7F6CF7}
}

@article{Lowe:2001ve,
author = {Lowe, DG},
title = {{Local feature view clustering for 3D object recognition}},
journal = {IEEE Computer Society Conference on Computer Vision and Pattern Recognition},
year = {2001},
volume = {1},
keywords = {sift},
read = {Yes},
rating = {0},
date-added = {2011-03-03T18:33:47GMT+00:00},
date-modified = {2011-06-23T13:01:18GMT+00:00},
local-url = {file://localhost/Users/dedan/Documents/Papers2/Articles/2001/Lowe/IEEE_Computer_Society_Conference_on_Computer_Vision_and_Pattern_Recognition_2001_Lowe.pdf},
uri = \url{papers2://publication/uuid/515CE17D-1D68-455F-8493-B2BECDB28826}
}

@article{Jivet:tx,
author = {Jivet, I},
title = {{Real Time Representation of 3D Sensor Depth Images}},
journal = {navigation},
read = {Yes},
rating = {0},
date-added = {2011-06-14T13:10:04GMT+00:00},
date-modified = {2011-06-14T13:39:14GMT+00:00},
abstract = {Abstract: - The paper presents a representation model for 3D sensors depth images for use in independent sub system real time action. Field of view depth images obtained with recently developed CMOS 3D sensors are analyzed on their usability in real time perception applications. ...},
url = \url{http://www.wseas.us/e-library/transactions/electronics/2008/Paper%202%20JIVET.pdf},
local-url = {file://localhost/Users/dedan/Documents/Papers2/Articles/Unknown/Jivet/Jivet-2.pdf},
uri = \url{papers2://publication/uuid/C66DE073-E620-4B21-AD4C-BA0B8AD26290}
}

@article{James:1890tq,
author = {James, W},
title = {{The principles of psychology, Vol I.}},
year = {1890},
rating = {0},
date-added = {2011-06-23T12:37:12GMT+00:00},
date-modified = {2011-06-23T12:37:15GMT+00:00},
abstract = {... Citation. Database: PsycBOOKS. [Book; Authored Book]. The principles of psychology , Vol I. James , William. New York, NY, US: Henry Holt and Co. ( 1890 ). xii, 697 pp. doi: 10.1037/10538-000. Abstract. This book provides a foundation to the principles of psychology . ...},
url = \url{http://psycnet.apa.org/psycinfo/2004-16192-000},
uri = \url{papers2://publication/uuid/928C8A3B-C8E4-4572-A014-1513C8067193}
}

